2253 3167
585 81 1079 135 SYMBOLA,

323 160 678 254 {ngriuilegiorum
705 164 1008 208 mendicantium
1023 168 1108 210 col·

11 248 15 260 ,
341 225 360 252 e
404 228 517 254 ione.

78 265 213 315 Equite
251 268 285 302 S.
375 266 536 318 Equites
559 268 593 306 S.
611 266 780 319 Spiritus
799 293 812 312 ,
841 269 913 319 qui
932 272 1054 323 vulgo
1070 270 1107 311 in

76 319 226 365 spuitur
320 319 417 358 vrbe
431 317 566 358 fratres
578 319 781 370 hospitalis
805 322 841 358 S.
858 324 919 373 spi
925 324 1020 363 ritus
1035 323 1105 362 nfi-

78 373 234 406 Roman
245 370 290 404 in
315 380 655 422 cupantur,cruce
666 372 878 412 candidain
895 375 995 413 veste
1037 387 1104 416 aut

9 440 11 446 ·
77 422 207 460 auxia.
315 423 523 474 chlamyde
537 423 789 474 insigniuntur
803 452 813 461 .
833 429 992 466 loannes
1006 429 1099 468 item

102 472 181 511 Lib.
221 486 283 518 13·
316 476 485 515 Azorius
501 474 722 525 Equestrem
738 475 918 518 ordinem
939 481 1098 532 §.Spiri-

5 549 9 574 ξ
71 533 154 562 αι.
172 527 284 576 Equi·
317 525 426 567 tusin
439 527 547 566 Saxia
560 527 630 577 qui
645 527 804 576 quidem
834 532 992 582 Equites
1018 532 1099 572 san-

67 584 120 611 tes
173 580 207 615 s.
227 583 289 614 Pe·
315 578 445 618 tiffimi
470 578 628 629 spiritus
645 579 681 617 in
707 578 815 619 Saxia
837 582 958 633 ijdem
979 583 1096 629 sunt,

69 626 132 664 m‘.
312 629 383 681 qui
394 629 506 683 supra
520 657 531 675 ,
545 631 614 673 illa
625 631 730 670 enim
744 633 855 686 regio
871 662 884 680 ,
899 635 1005 679 iuxta
1019 646 1098 690 Ty-

311 681 521 722 berimvbi
535 683 768 724 aedificatum
783 685 837 725 est
851 689 1097 731 monstruoiiae

309 735 468 787 pietatis
492 734 697 787 Hospitale
723 740 867 779 nedum
894 739 1096 781 infantulis

310 787 493 841 expolitis
507 813 520 831 ,
532 789 595 826 led
609 788 651 827 δε
662 788 873 831 vulneratis
885 817 898 836 ,
918 793 961 832 δε
973 792 1095 833 febri-

305 840 518 879 citantibus
537 838 686 893 summa
702 843 968 884 munificentia
982 857 1094 898 pata-

304 901 390 930 tum
415 917 427 936 ,
452 891 551 931 saxia
577 894 824 944 appellatur.
858 897 910 935 lli
936 898 1094 948 Equites

303 943 440 995 gladio
462 954 538 984 non
551 942 635 984 sunt
649 946 832 996 insigniti,
844 947 909 987 sed
924 961 1092 994 cruce-2

303 1007 350 1035 ex
361 996 455 1054 albo
475 1021 487 1040 ,
505 996 645 1047 lineaq.
664 1009 794 1049 panno
806 1000 959 1042 duabus
974 1004 1095 1046 trans-

303 1048 420 1089 uerfis
432 1061 471 1090 m
486 1048 586 1090 hanc
599 1048 769 1091 formam
784 1079 795 1092 .

232 1930 236 1935 ,
292 1888 512 1934 fabrefacta
527 1891 720 1944 signantur
736 1922 747 1937 .
775 1891 971 1945 appellant
987 1902 1077 1946 urq;

289 1947 439 1984 Fratres
464 1961 476 1982 e
502 1945 545 1984 &
573 1957 746 1996 quatuor
768 1956 862 1986 vota
890 1944 1078 1987 emittunt

287 1998 530 2050 Paupertatis
554 2024 568 2042 ‚
590 1997 826 2042 obedientiae
851 1995 1075 2040 castitatis.

290 2051 333 2090 δί
355 2049 485 2091 inlinis
511 2049 769 2091 inseruiendi.
798 2049 970 2090 Vnicum
992 2056 1076 2091 Ma-

284 2114 406 2152 gnum
437 2103 817 2144 commendatorem
852 2103 1075 2152 supremum

286 2153 427 2194 habent
447 2180 460 2198 ,
491 2155 560 2205 qui
586 2158 799 2208 perceptor
823 2154 1068 2205 appellatur,

285 2207 416 2257 plures
428 2218 554 2246 tamen
571 2205 836 2247 Commendas
847 2217 930 2245 tum
945 2205 983 2247 in
999 2210 1076 2247 Ita-

283 2258 337 2299 lia
353 2286 364 2303 ‚
375 2259 459 2299 tum
473 2269 579 2299 extra
593 2260 734 2299 habent
750 2286 760 2296 .

338 2311 454 2351 Ponit
468 2339 479 2358 ,
493 2311 542 2350 de
557 2323 639 2362 quo
663 2312 705 2351 &
728 2313 928 2350 Nauarrus
944 2310 994 2348 de
1007 2320 1068 2347 re-

313 2362 504 2404 ul.c0nfil.
528 2376 591 2407 70.
609 2368 720 2404 Anno
737 2375 845 2402 ¹520.
863 2367 938 2402 leo
954 2365 997 2400 X.
1014 2361 1071 2401 in-

318 2415 409 2455 ituit
424 2416 639 2468 collegium
653 2413 822 2454 militum
839 2415 872 2452 S.
890 2413 987 2453 Petri
1002 2414 1070 2451 ad-

284 2472 417 2508 uerius
434 2472 595 2510 Turcas,
609 2478 838 2506 communes
853 2463 1068 2505 Christiani

283 2520 453 2560 nominis
474 2519 626 2565 hostes,
655 2520 707 2558 vti
727 2515 906 2558 Alfonsus
921 2517 1068 2557 Ciaco-

283 2572 371 2614 nius
404 2571 441 2611 in
467 2570 700 2611 Pontificum
727 2570 771 2610 &
794 2569 1066 2610 Cardinalium

278 2623 437 2664 historia
450 2623 819 2672 comemoratzquod
834 2620 1069 2662 idemfecis-

278 2677 315 2717 se
330 2676 392 2716 seu
409 2673 624 2719 cofirmaffe
639 2675 806 2714 traditur
833 2675 974 2714 Paulus
990 2677 1064 2714 1¹12

328 2736 376 2769 Et
392 2733 607 2768 Poncetum
631 2727 821 2778 quendam
837 2728 924 2778 post
937 2726 1065 2766 varias

275 2779 610 2834 peregrinationes
649 2778 698 2817 ad
732 2780 868 2818 vrbem
906 2778 1066 2819 venien-

274 2844 354 2874 tem
369 2865 381 2881 ,
400 2835 422 2876 a
435 2830 628 2875 Pontifice
656 2833 691 2872 S.
708 2831 812 2872 Petri
835 2841 977 2884 torque
990 2831 1065 2870 do-

95 2732 240 2778 Equites

41 2782 79 2815 ἒ.
98 2783 214 2822 Pauli.

38 2842 134 2886 par&
153 2847 192 2874 2·

1145 84 1251 127 ET
1320 86 1565 141 ORIG.
1814 91 1883 136 8(

1159 181 1290 210 natum
1317 198 1328 213 ,
1356 171 1473 210 tradit
1518 176 1616 222 Aug.
1652 170 1835 212 Tliuanus
1863 187 1872 211 ε
1899 173 1940 211 3:

1159 226 1290 261 Franc.
1309 225 1492 263 schottus
1536 227 1568 263 S.
1593 223 1692 263 Petri
1718 227 1759 263 ἃ
1784 229 1815 264 S.
1837 226 1943 264 l'auli

1157 274 1313 325 equites
1338 277 1374 315 in
1408 276 1609 314 itinerario
1644 275 1712 315 suo
1743 276 1862 317 l-taliae
1883 289 1943 316 re-

1157 325 1283 366 censet
1302 357 1307 363 .
1339 327 1478 368 Paulus
1496 340 1593 367 vcro
1612 328 1758 367 Merula
1768 329 1943 368 Cosmo-

1157 382 1328 430 graphiis
1351 382 1518 418 (ἶρις.
1547 382 1568 419 S
1599 383 1702 419 Petri
1731 381 1943 420 Commiu-

1156 443 1270 471 tones
1289 447 1301 471 .-
1319 434 1352 469 S.
1370 432 1478 470 Pauli
1496 435 1571 472 CC
1601 430 1637 469 in
1666 433 1827 471 Familia
1846 437 1943 476 Pon·

1155 483 1272 523 tificis
1287 483 1473 532 degentes
1488 495 1703 522 enumerat.

1210 539 1268 575 De
1283 535 1425 588 quibus
1444 537 1485 574 5:
1504 536 1618 577 nobis
1634 534 1804 587 amplam
1821 536 1939 576 fidem

1151 587 1262 632 fecit,
1279 587 1449 627 Gentilis
1478 589 1604 628 noster
1626 592 1764 627 Petrus
1792 591 1939 629 Gerar-

1152 640 1220 689 di,
1240 639 1471 679 militiai-um
1487 640 1563 679 fine
1593 639 1827 692 Vigiliarum
1856 645 1936 680 An-

1150 691 1426 745 tuerpiensium
1444 691 1615 731 summus
1630 691 1741 732 Praeft
1753 692 1835 732 Cius
1847 719 1859 736 ‚
1876 695 1934 733 vii·

1147 745 1375 796 longinquis
1391 743 1767 795 peregrinationibus
1782 745 1823 783 δε
1839 756 1934 786 con—

1149 798 1268 840 tinuis
1282 810 1357 849 pro
1382 797 1507 847 patria
1532 795 1732 836 laboribus
1761 798 1932 836 exantla-

1145 851 1197 893 tis
1210 877 1222 896 ‚
1239 847 1468 888 clariffimus
1480 862 1492 889 ,-
1504 848 1615 887 cuius
1630 849 1841 887 etiamnum
1852 847 1929 888 fia<

1149 914 1248 944 trem
1272 903 1481 952 Aeginium
1500 927 1512 945 ,
1527 913 1604 940 non
1631 899 1745 939 semel
1773 901 1929 939 Coniu-

1148 956 1228 996 latu
1244 951 1418 994 functum
1437 952 1551 1005 Reip.
1569 952 1740 992 Clauum
1756 951 1928 998 fortiter,

1147 1018 1278 1049 tenere
1289 1018 1430 1056 magno
1449 1004 1517 1043 suo
1532 1004 1638 1043 bono
1667 1004 1928 1056 Antuerpien-

1148 1063 1205 1102 ses
1218 1059 1386 1098 fatentur
1402 1085 1413 1103 ‚
1432 1055 1676 1107 sentiuntque
1690 1083 1701 1097 .

1222 1114 1254 1151 S.
1280 1113 1392 1150 Geor
1422 1111 1449 1160 ij
1474 1110 1633 1160 Equites
1669 1110 1718 1148 ab
1763 1109 1927 1149 Alexan.

1149 1163 1223 1202 dro
1248 1167 1316 1203 Vl.
1343 1164 1378 1202 in
1416 1161 1538 1201 itutos
1562 1172 1697 1201 narrat·
1714 1163 1930 1200 Bernartius
2074 1198 2090 1204 ,,

1149 1215 1418 1267 Luceburgius
1434 1240 1444 1257 ‚
1468 1214 1504 1252 in
1526 1213 1631 1252 libro
1658 1212 1705 1251 de
1730 1224 1930 1253 armorum
1954 1195 2088 1243 Gw'gy
2109 1196 2160 1255 ό·

1150 1267 1379 1307 militarium
1418 1264 1611 1313 mvsterijs
1636 1278 1649 1307 ς
1679 1263 1743 1303 sed
1769 1265 1810 1304 δε
1836 1269 1931 1305 Pau—
1952 1257 2073 1307 ‘msm
2099 1260 2157 1286 ω·

1148 1318 1209 1357 lus
1226 1323 1258 1360 ll
1272 1327 1296 1357 l.
1314 1318 1414 1358 alios
1429 1311 1587 1368 Equites
1601 1319 1621 1356 S
1641 1316 1805 1369 Georgi,
1823 1328 1930 1356 crea.
1946 1295 2078 1347 figam*

1149 1371 1232 1416 uit,
1259 1370 1479 1425 vtiniplius
1503 1368 1609 1408 Bulla
1632 1370 1699 1408 iub
1724 1369 1815 1408 Dati
1844 1374 1927 1410 Ro.

1147 1436 1219 1463 mae
1233 1452 1241 1462 .
1261 1451 1270 1461 .
1287 1451 1296 1461 .
1308 1424 1418 1472 hoiq.
1436 1428 1627 1462 Rauennae
1640 1422 1803 1461 residere
1818 1423 1929 1461 vole-

1144 1477 1212 1514 bat
1227 1502 1238 1520 ,
1254 1475 1296 1514 &
1310 1476 1357 1514 ab
1384 1474 1432 1524 ijs
1460 1473 1653 1513 Adriatici
1678 1474 1799 1513 Maris
1815 1474 1926 1515 littus

1142 1529 1245 1576 illud
1261 1527 1449 1567 custodiri
1465 1526 1719 1566 destinauerat
1734 1552 1746 1570 ,
1773 1526 1837 1565 sed
1858 1541 1925 1565 or-

1144 1580 1198 1618 do
1238 1580 1398 1620 alterius
1433 1591 1511 1619 non
1551 1577 1740 1628 processit
1780 1577 1924 1635 quibus

1142 1634 1317 1673 Crucem
1331 1643 1486 1670 auream
1503 1642 1593 1669 cum
1611 1641 1759 1670 corona
1783 1644 1819 1669 in
1842 1631 1921 1670 cir-

1139 1685 1237 1723 culo
1251 1696 1372 1726 aureo
1387 1696 1461 1735 pro
1477 1682 1609 1722 reffera
1623 1681 1815 1722 attribuit.

1187 1736 1279 1776 Pius
1309 1740 1380 1775 iV.
1408 1739 1435 1774 Ρ
1482 1741 1533 1775 Μ.
1561 1735 1745 1785 Equitum
1776 1731 1914 1773 sodali.

1134 1789 1260 1832 tium,
1287 1788 1344 1839 Pij
1370 1787 1658 1839 appellatorum
1685 1794 1914 1830 ann01560.

1135 1839 1353 1882 inchoauit5
1369 1842 1546 1890 adeoque
1561 1838 1674 1877 censu
1689 1838 1828 1890 opimo
1845 1838 1919 1876 do-

1132 1893 1233 1930 tauit
1250 1908 1257 1931 ‚·
1277 1893 1318 1932 &
1335 1893 1478 1931 Vrbem
1497 1890 1707 1930 domic-ilio
1717 1890 1917 1932 attribuit.

1131 1946 1328 1983 Numerus
1350 1944 1479 1997 primt'i
1497 1942 1919 1994 375.Equ1'teshabuit,

1127 1995 1175 2033 ad
1195 1996 1429 2043 535.dein=¹e
1442 1995 1577 2035 aussus
1597 1994 1689 2033 teste
1704 1994 1916 2034 Ciaconio·

1129 2047 1211 2101 Qi
1228 2046 1306 2087 fere
1320 2047 1369 2089 εὖ
1379 2046 1569 2086 seculares
1584 2046 1665 2090 lint,
1681 2045 1811 2098 primo
1827 2048 1922 2098 equi

1127 2109 1186 2138 tes
1214 2100 1341 2139 aurati
1367 2100 1390 2139 a
1414 2098 1604 2141 Pontifice
1618 2097 1740 2137 creari
1768 2097 1920 2144 ibisne,

1129 2152 1307 2190 nonnulli
1321 2152 1440 2191 etiam
1460 2150 1642 2191 Comites
1657 2149 1790 2202 palatij
1810 2152 1922 2189 Late-

1129 2203 1318 2248 ramnus,
1346 2214 1438 2242 cum
1462 2202 1649 2254 potestate
1672 2201 1829 2240 creandi
1845 2203 1921 2240 do-

1130 2253 1262 2294 {tores
1285 2254 1322 2296 in
1348 2255 1533 2294 omnibus
1559 2252 1842 2299 facultatibus,
1873 2254 1919 2293 δε

1129 2306 1305 2348 notarios
1330 2307 1544 2356 publicos,
1569 2305 1811 2356 legitimandi
1827 2303 1918 2357 spu·

1132 2360 1214 2398 rios
1232 2359 1274 2398 ἃ
1289 2359 1361 2398 alia
1375 2370 1448 2410 pro
1463 2356 1628 2397 arbitrio
1641 2355 1844 2396 statuendi.
1857 2370 1916 2397 :n-

1129 2411 1221 2463 figni
1236 2410 1328 2450 item
1345 2410 1572 2462 Apostolice
1585 2408 1683 2449 sedis
1696 2409 1913 2461 priuilegio

1126 2475 1287 2503 cautum
1303 2491 1315 2508 ,
1327 2474 1410 2513 quo
1428 2462 1618 2501 Piosistos
1634 2463 1795 2512 Equites
1809 2463 1910 2501 alio-

1126 2527 1212 2555 rum
1229 2515 1531 2566 quorumtt'ique
1553 2513 1777 2566 Principum
1794 2514 1909 2564 equi·

1124 2579 1198 2612 tes,
1213 2567 1443 2609 nominatim
1461 2566 1695 2618 imperiales,-
1713 2567 1754 2604 &
1769 2571 1799 2606 S.
1824 2565 1910 2606 loa-

1125 2619 1185 2659 nis
1200 2645 1215 2665 ,
1229 2619 1306 2659 fiue
1320 2619 1543 2660 Melitenses
1557 2645 1568 2663 ‚
1598 2618 1818 2669 praecedere
1839 2631 1908 2657 vo·
1967 2657 1984 2662 ,,
2044 2659 2050 2666 ,

1125 2671 1222 2709 luit.
1252 2674 1423 2722 Suntque
1435 2671 1461 2722 ij
1477 2670 1679 2710 domestici
1703 2671 1911 2710 familiares
1926 2654 2075 2717 '‘fflm'?
2087 2661 2139 2717 9·

1123 2722 1184 2761 seu
1215 2726 1326 2775 Papae
1343 2751 1355 2770 ‚
1378 2735 1421 2764 vt
1435 2734 1578 2763 vocant
1604 2723 1883 2763 commeniales
1899 2750 1910 2768 ,
1929 2722 1991 2758 ”8¹
2022 2708 2138 2748 'mm‘

1123 2776 1192 2825 qui
1219 2787 1308 2814 cum
1328 2775 1371 2816 in
1399 2777 1600 2827 publicum
1630 2777 1766 2827 prodit
1788 2787 1914 2815 cono—

1123 2838 1266 2879 peum,
1290 2828 1366 2869 fiue
1390 2828 1606 2921 thronumfi
1622 2839 1703 2879 quo
1713 2832 1821 2921 {apa
1837 2825 1914 2867 suf-

1730 2891 1862 2926 estur,

1961 1141 2106 1189 Equites
2124 1121 2161 1183 ς.’

1974 1717 2143 1774 „Eqm'ees‘

1939 1766 2003 1812 Psy.

1931 2605 2051 2640 Petrus
2071 2600 2140 2640 Ress
