2253 3167
425 101 456 153 a
624 84 627 86 ’
825 97 1783 168 anvarnonnruvu

355 190 461 236 tuna·
477 185 703 241 Graecisque
716 186 935 245 Caesaribus
948 187 992 228 δε
1005 186 1043 229 in
1059 190 1138 227 1ta-
1189 198 1333 247 nomen
1355 191 1506 235 Mauris
1532 192 1575 235 in
1601 195 1784 247 Hispania
1806 195 1974 239 maxirn'e

351 245 409 287 lia
423 247 445 284 a·
462 243 713 287 1heodorico
724 246 833 294 Rege
844 239 940 280 olim
954 238 1139 280 obserua-
1188 239 1263 282 fuit
1279 243 1481 296 terribile)
1494 246 1519 286 a
1536 246 1752 289 Ferdinado
1764 251 1794 289 1.
1807 249 1894 302 post
1907 261 1975 290 ca-

347 308 442 338 tus.
473 295 724 338 Athalaricus
749 294 850 334 enirn
873 292 1132 332 Eutharicum

1186 305 1294 347 ptam
1313 298 1573 349 Coymbram‚
1589 302 1773 352 Equitem
1789 313 1968 344 creatum

346 358 502 402 patrem
518 350 542 390 a
554 350 699 390 Graeco
713 346 862 388 Caesare
877 343 1074 386 Anastasio
1085 345 1133 387 si-
1185 347 1344 390 tradunt
1354 350 1515 403 Hispani
1530 381 1541 399 ,
1557 351 1608 392 fic
1622 353 1794 394 heroicae
1808 352 1970 395 fortitu·

342 401 460 447 lium,
475 411 663 454 perarma
677 402 908 452 adoptatum
924 396 1127 450 praedicat,

343 455 389 494 δε
413 453 638 494 ςὴεοᾱετίεῐ
650 452 754 505 apud
771 450 1048 492 Caffiodorum
1061 449 1127 501 epi

341 507 448 548 stolae
460 506 614 558 aliquot
627 502 985 556 leguntur,.quibus
998 507 1129 554 Reges

341 559 385 600 δι
412 559 589 612 priuatos
612 556 802 610 quosdam
817 568 888 609 per
901 567 1007 596 arma
1021 556 1128 596 filios

340 611 504 663 adoptat
520 638 532 660 ,
559 611 637 651 hoc
651 611 758 651 enim
785 608 972 650 sermonis
987 619 1129 661 genere

111 657 254 708 Philipp·
273 659 465 706 Corvtitur
483 691 493 702 .
520 662 677 704 Fiebant
687 663 787 703 olim
803 671 1127 713 nonnunquam..-

110 713 252 748 minens
279 710 321 748 li.
341 717 498 769 Equites
525 727 612 756 ante
629 715 876 768 irruptiones
902 713 1093 767 &praelia
1110 728 1125 759 ς

109 762 324 867 {idibem
341 781 426 829 quae
440 767 684 810 consuetudo
698 768 736 808 in
748 766 941 808 eiusmodi
956 779 1004 819 pe
1012 767 1126 807 ricu-

338 823 388 862 lis
412 822 455 863 &
468 821 652 873 angustiis
666 821 869 862 obtinebat
883 845 898 865 ‚
924 820 1035 871 quod
1052 830 1123 863 eos

337 877 413 915 hac
429 886 470 915 re
482 874 676 916 animatos
691 900 705 919 ,
727 874 908 916 officium
924 874 1049 924 magis
1063 870 1123 916 fa-

337 927 475 969 cturos
489 926 710 981 cogitarent
720 954 733 974 ,
749 927 793 967 &
806 926 832 966 fi
847 936 1095 972 morerentur
1107 954 1122 975 ,

337 980 564 1032 Equestrem
575 980 769 1020 honorem
783 973 990 1020 habituros
1005 1006 1016 1025 ‚
1030 992 1119 1021 nam

107 1026 295 1085 Ῑῖξῖῧξῧῖὺ
338 1031 532 1086 Equestris
547 1033 717 1084 dignitas
731 1033 768 1073 in
781 1031 869 1071 acie
882 1030 1037 1082 quaefita
1049 1033 1117 1074 nul

103 1076 319 1127 dngnuasno
338 1086 388 1127 lis
405 1084 567 1126 omnino
583 1096 649 1125 aut
662 1083 861 1128 fastiffiaut
876 1084 1118 1126 maiorum..-

102 1127 177 1167 W‘*
186 1132 316 1173 '‘ddit·
337 1137 575 1190 imaginibus
601 1138 731 1177 claros
757 1135 1015 1177 nobiliffimos
1030 1137 1119 1178 red-

337 1190 492 1243 dit,qua
505 1190 623 1231 etiam
641 1191 770 1229 ornari
782 1188 852 1242 ipfi
866 1193 995 1240 Reges
1010 1189 1033 1230 a
1047 1194 1122 1231 Va·

335 1243 455 1289 fallis,
470 1243 514 1284 &
529 1242 688 1283 strenuis
705 1241 799 1283 viris
813 1253 890 1284 non
907 1241 1121 1295 dedignan-

335 1308 400 1337 tur
416 1325 425 1335 .
455 1296 705 1337 Ludouicum
720 1296 786 1334 Xl.
805 1295 829 1334 ἐι
849 1293 1031 1347 Philippo
1041 1298 1120 1336 Bo-

331 1361 384 1390 no
398 1348 631 1402 Burgundiae
646 1350 777 1393 Duce,
794 1346 1011 1389 Hem-icum
1032 1354 1079 1390 ll.
1092 1350 1118 1391 ἀ

329 1400 557 1444 Mariscallo
571 1399 734 1446 Biliensi,
755 1399 958 1441 Franciscfi
974 1406 1001 1443 1.
1021 1399 1121 1443 Gal-

326 1454 459 1496 lorum
481 1459 612 1505 Reges
639 1452 887 1494 memorabili
901 1452 969 1494 illa
983 1464 1116 1508 pugna

331 1505 620 1558 Meliguiacenfi
637 1507 659 1547 a
675 1510 790 1548 Petro
799 1505 1112 1552 Baiardo‚Eduar

325 1558 422 1600 dum
443 1563 503 1600 Ν.
524 1560 546 1603 a
561 1560 723 1600 Comite
740 1559 930 1601 Deuoniae
942 1587 955 1606 ,
973 1560 1118 1601 Heari-

327 1624 419 1654 cum
440 1616 528 1655 Vll.
552 1611 575 1652 :i
590 1612 751 1653 Comite
766 1612 1113 1659 Arodeliae‚Eduar

323 1665 419 1705 dum
439 1670 503 1706 Vl.
526 1665 547 1705 a
561 1667 670 1705 Duce
684 1666 921 1711 somersetti‚
936 1665 1113 1718 aliosque·

320 1717 369 1757 ab
396 1717 485 1768 alijs
515 1717 705 1769 Equestris
718 1717 869 1759 ordinis
883 1729 1111 1761 ornamenta

319 1767 512 1821 accepisse
534 1769 701 1818 legimus
716 1797 728 1811 .
783 1766 1022 1812 Froiss'ardus
1058 1770 1093 1811 ri

319 1822 498 1862 diculam
524 1829 653 1861 narrat
677 1821 879 1866 historiam
911 1824 950 1866 in
979 1823 1113 1866 castris

321 1871 646 1925 Philipinalefij
662 1897 673 1916 ‚
691 1881 737 1911 ac
753 1875 920 1912 Eduardi
941 1883 999 1920 111
1031 1881 1109 1917 Re—

318 1927 379 1978 gis
398 1924 616 1977 Anglorum
632 1922 788 1967 faciam,
808 1934 899 1963 cum
915 1936 1041 1976 prope
1051 1927 1108 1967 es-

319 1980 376 2020 set
405 1989 448 2020 vt
475 1977 541 2016 die
555 1975 746 2019 condicto
756 1976 987 2017 dimicarent
1008 1988 1109 2016 inter

322 2027 602 2084 Virolyfoffam
617 2056 628 2073 ‚
645 2030 688 2069 &
707 2030 743 2069 Fl
754 2029 1080 2082 immengueriam
1096 2055 1109 2073 ,

319 2085 435 2137 lepus
460 2093 548 2125 ante
561 2081 684 2124 castra
699 2082 909 2123 Gallorum
925 2082 1112 2122 excurres

323 2147 475 2178 tantum
490 2135 681 2176 barritum
699 2135 947 2180 excitauit‚vt
962 2134 1110 2187 postre-

324 2189 380 2229 mi
397 2188 598 2231 audientes
615 2188 658 2228 &
672 2200 808 2242 pugnae
822 2187 934 2229 initiii
951 2186 1023 2227 effe
1037 2199 1111 2229 co-

322 2243 493 2295 gitantes
509 2268 521 2286 ,
536 2239 613 2280 sese
627 2244 676 2282 ad
691 2252 798 2282 arma
808 2252 1085 2292 compararent
1098 2270 1110 2288 ,

325 2294 447 2347 quida
463 2304 594 2334 autem
608 2292 844 2347 hippocomi
859 2294 1009 2346 optime
1026 2293 1110 2333 ani-

322 2347 418 2389 mati
444 2345 664 2398 Equestrem
681 2345 863 2387 ordinem
877 2346 1108 2405 postulauit,

319 2400 490 2451 cumque
505 2411 580 2438 non
600 2398 817 2440 dimicasset
830 2398 1111 2453 exercitus,sed

321 2452 440 2492 rebus
455 2448 606 2491 infestis
619 2458 705 2494 Rex
719 2483 728 2491 .
755 2452 960 2496 Eduardus
970 2452 1009 2491 di
1015 2450 1109 2491 sces-

325 2504 435 2547 fiffec,
449 2502 515 2542 hic
531 2501 736 2554 semperex
749 2518 799 2546 eo
812 2516 993 2558 tempore
1007 2505 1107 2554 Equi

323 2569 383 2598 tes
408 2555 572 2608 Leporis
602 2556 685 2598 sunt
713 2558 900 2611 appellati
911 2587 922 2597 .
961 2558 1108 2609 Saepius

320 2609 402 2652 etii
415 2608 500 2662 post
516 2621 684 2660 pugnam
699 2609 869 2651 fortibus
885 2609 1100 2661 virisque-

323 2674 412 2702 rum
428 2660 537 2703 bello
562 2661 732 2715 spestata
745 2664 868 2704 virtus
882 2659 1077 2703 exstitisset
1090 2688 1104 2707 ,

319 2714 513 2768 spectante
525 2715 635 2756 omni
662 2716 914 2756 multitudine
938 2714 1105 2767 patenti·

325 2768 400 2807 bus
422 2767 574 2819 campis
587 2767 764 2808 militaris
779 2769 906 2808 honos
924 2769 1075 2808 delatus
1088 2779 1103 2808 .-

318 2821 344 2870 ij
352 2819 442 2871 sque
455 2819 615 2861 solemni
618 2821 653 2872 js
665 2819 909 2864 Rodericum
921 2821 1037 2862 Diam
1052 2819 1102 2860 de

325 2874 442 2913 Biuar
455 2869 751 2926 cognomeisto?
781 2873 929 2918 Cidum
951 2872 1099 2926 (cuius

1180 398 1284 441 dinis
1297 400 1406 443 viros
1421 405 1443 444 ἐι
1455 404 1613 444 Carolo
1634 409 1740 446 vill.
1757 405 1969 446 Gallorum

1179 456 1291 504 Rege
1307 455 1393 507 post
1405 455 1614 498 vistoriam
1629 456 1864 498 Farniensem
1883 484 1894 501 ‚
1917 458 1971 499 fic

1183 504 1206 544 a
1221 509 1375 550 Carolo
1389 511 1435 548 V·
1463 515 1520 551 lm
1552 521 1649 554 erat,
1665 510 1752 561 post
1766 510 1967 551 deuie'tum

1180 559 1374 601 Saxonem
1408 565 1513 612 Eqne
1548 562 1581 602 ri
1619 561 1751 604 ordini
1777 561 1969 616 ascriptos

1184 612 1348 659 constat,
1360 623 1464 654 tanta
1475 614 1605 666 paffim
1621 614 1813 655 nobilium
1824 625 1968 655 accur-

1181 677 1294 706 rente
1310 664 1564 707 multitudine
1580 692 1594 711 ‚
1618 676 1661 708 vt
1675 677 1767 706 cum
1782 667 1970 708 omnibus

1179 718 1402 770 singulatim
1428 729 1515 760 eam
1538 718 1771 771 dignitatem
1787 716 1968 761 conferre

1180 783 1259 812 non
1272 770 1397 824 posset
1408 798 1421 818 ,
1439 772 1593 823 vulgari
1610 770 1874 824 Hispanorum
1890 773 1964 814 lin-

1179 834 1257 877 gua
1283 826 1543 868 exclamarem
1572 828 1650 863 sint
1661 838 1779 864 omnes
1796 829 1939 877 Equites·
1953 851 1966 864 .

1181 878 1244 918 Sic
1257 882 1388 918 varios
1402 878 1514 931 avari
1520 876 1553 928 js
1569 876 1654 929 post
1667 888 1818 929 partam
1833 876 1965 918 visto-

1176 928 1276 970 riam
1315 929 1562 984 principibus
1593 929 1754 970 militari
1779 929 1964 970 auctora-

1177 994 1311 1023 mento
1325 983 1613 1029 cohonestatos,
1627 983 1732 1035 apud
1745 981 1962 1023 historicos

1177 1034 1368 1078 inuenias.
1389 1037 1504 1079 Mitto
1518 1046 1667 1088 quanto
1680 1034 1797 1076 huius
1809 1034 1962 1077 ordinis

1177 1087 1383 1140 splendore
1401 1090 1444 1130 &
1458 1088 1747 1141 magnificentia
1765 1096 1961 1139 imperato

1176 1152 1240 1182 res
1267 1141 1310 1182 &
1325 1146 1455 1194 Reges
1469 1152 1606 1181 mutua
1619 1141 1788 1191 quadam
1802 1151 1963 1180 monar-

1173 1194 1259 1234 chis
1284 1192 1385 1234 inter
1412 1193 1449 1234 se
1462 1220 1476 1240 ‚
1505 1193 1722 1245 &genuina
1737 1191 1959 1233 nobilitatis

1172 1245 1418 1288 conferendae
1436 1273 1449 1291 ‚
1474 1246 1560 1287 iure
1573 1245 1752 1298 gentium
1764 1242 1957 1286 facultate

1171 1299 1398 1341 alterutrius
1413 1297 1575 1340 subditis
1589 1326 1597 1339 .
1622 1297 1818 1348 &legatis
1832 1294 1956 1339 decus

1171 1353 1250 1393 hoc
1264 1351 1435 1394 militare
1449 1350 1836 1403 contulerint‚eoque
1849 1350 1961 1392 hono

1169 1416 1212 1446 re
1224 1416 1385 1447 ornatos
1398 1402 1613 1446 dimiserint
1625 1431 1638 1442 .

1221 1459 1373 1499 Caetera
1389 1470 1476 1511 quae
1492 1457 1542 1497 ad
1556 1456 1659 1497 hunc
1674 1453 1857 1496 ordinem
1871 1454 1958 1508 spe-

1168 1510 1289 1556 stant,
1304 1522 1421 1562 quam
1436 1510 1659 1563 praeclarus.
1684 1507 1898 1560 gloriosus,
1910 1509 1955 1550 δε

1169 1574 1290 1615 quam
1307 1563 1530 1616 spledidum
1541 1561 1750 1615 praemium
1764 1561 1956 1602 altiffimis

1166 1616 1311 1657 animis
1325 1616 1461 1668 gloriae
1476 1641 1490 1661 ,
1511 1612 1751 1665 honorisque
1764 1613 1923 1666 cupidis
1935 1638 1952 1659 ,

1166 1668 1368 1720 Equestris
1385 1669 1452 1708 hic
1478 1667 1581 1707 ordo
1593 1668 1698 1719 apud
1712 1666 1881 1706 maiores
1896 1676 1954 1706 no

1167 1720 1268 1761 stros
1281 1721 1439 1761 habitus
1456 1717 1709 1773 fuerit‚quam
1725 1717 1892 1758 studiose
1905 1718 1952 1760 fi-

1167 1774 1271 1816 dem.
1286 1774 1331 1815 &
1341 1773 1552 1815 veritatem
1562 1771 1773 1815 coluerint,
1790 1782 1881 1811 cum
1896 1769 1954 1809 sa-

1171 1827 1223 1867 tis
1239 1826 1358 1868 fuerit
1371 1853 1383 1871 ,
1411 1825 1437 1867 fi
1457 1837 1498 1866 vt
1521 1824 1657 1866 fideles
1672 1822 1830 1875 Equites
1845 1849 1859 1868 ,
1886 1821 1952 1865 vel

1165 1880 1343 1932 Equestri
1359 1879 1436 1938 {ide
1449 1878 1602 1938 aliquid
1619 1876 1889 1935 sponderent..
1909 1879 1949 1934 ln
1978 1892 2033 1928 De
2048 1889 2126 1938 fid,
2142 1895 2187 1934 Β,

1167 1931 1560 1992 literisobligatioms
1574 1933 1756 1983 Hugonis
1770 1932 1947 1969 Comitis
1973 1946 2132 1995 qustum,
2176 1936 2188 1945 ⁴
2227 1944 2230 1945 ⁷

1167 1985 1293 2025 SanCti
1306 1987 1427 2026 Pauli.
1445 1983 1643 2025 Guidonis
1660 1982 1703 2022 86
1721 1982 1854 2022 iacobi
1866 1979 1947 2025 fra-

1167 2043 1272 2072 trum
1289 2060 1301 2078 ,
1330 2048 1417 2085 quae
1443 2036 1630 2088 Philippo
1656 2033 1830 2074 Pulchro
1843 2038 1954 2087 Rege

1167 2083 1399 2138 conscriptae
1429 2085 1513 2127 sunt
1539 2089 1577 2126 in
1594 2086 1726 2138 Aprili
1758 2088 1868 2135 1289.
1897 2088 1948 2126 de

1165 2149 1399 2190 comparato
1413 2151 1509 2190 agro
1522 2141 1680 2180 auenati
1693 2165 1707 2183 ,
1722 2137 1764 2178 in
1783 2141 1949 2180 Hanno-

1165 2191 1229 2232 nia
1254 2191 1445 2242 spondent
1459 2190 1517 2231 illi
1539 2191 1616 2232 fide
1629 2191 1786 2233 suorum
1803 2202 1952 2243 corpo-

1164 2244 1209 2284 ru
1225 2256 1265 2284 vt
1290 2243 1424 2285 fideles
1437 2244 1598 2296 Equites
1610 2271 1620 2282 .
1658 2249 1696 2284 ln
1709 2242 1833 2284 literis
1848 2254 1954 2294 quo-

1162 2308 1239 2348 que
1257 2299 1412 2340 loannis
1432 2295 1572 2349 Grellij
1591 2295 1855 2337 moderatoris
1870 2298 1948 2336 Bu.

1163 2348 1283 2390 censis
1299 2349 1406 2390 bello
1420 2348 1526 2402 capti
1544 2376 1555 2392 ‚
1572 2349 1719 2399 quibus
1735 2348 1952 2400 spondebat

1163 2403 1383 2454 Septembri
1401 2409 1511 2452 1364·
1529 2401 1634 2453 Regi
1664 2400 1815 2442 carolo
1835 2402 1881 2439 V.
1906 2399 1951 2443 se

1162 2453 1202 2497 in
1219 2453 1387 2496 vinculis
1402 2453 1635 2507 mansurum,
1655 2451 1830 2496 voluit‚ii
1844 2463 1942 2494 con.

1159 2518 1219 2547 tra
1235 2506 1539 2552 veniret‚haberi
1556 2518 1630 2560 pro
1644 2503 1740 2546 falso
1755 2505 1945 2557 improbo

1159 2559 1392 2612 perfidoque
1411 2559 1551 2611 Equite
1566 2587 1580 2605 ‚
1605 2559 1649 2599 &
1661 2560 1710 2597 ad
1726 2558 1872 2610 fignum
1886 2559 1946 2600 rei

1157 2612 1276 2653 stema
1287 2611 1398 2653 suum
1416 2613 1564 2655 inuerti
1571 2610 1715 2652 sursum
1732 2608 1916 2651 deorsum
1926 2634 1943 2657 ,

1157 2675 1280 2716 atque
1305 2664 1361 2706 ita
1373 2665 1479 2717 apud
1494 2675 1630 2705 omnes
1643 2663 1797 2703 iudices
1824 2674 1938 2720 reum

1154 2717 1295 2770 peragi
1307 2745 1316 2755 .
1350 2722 1513 2759 loannes
1525 2719 1616 2757 Dux
1627 2714 1829 2758 Britanniae
1839 2715 1936 2757 inita

1153 2781 1244 2810 cum
1259 2774 1370 2820 Rege
1387 2772 1537 2812 carolo
1551 2772 1621 2810 Vi.
1636 2781 1734 2822 pace
1758 2771 1792 2808 X
1803 2774 1842 2805 v.
1872 2775 1937 2807 ia·
1972 2803 1978 2807 .

1151 2821 1276 2873 nuarssj
1293 2826 1401 2871 1380.
1419 2821 1565 2862 iurauit
1590 2824 1694 2863 XVI.
1714 2819 1861 2872 Aprilis
1877 2818 1934 2860 se-

1149 2873 1364 2932 quenti52se
1375 2874 1656 2931 conuentiones
1668 2884 1732 2916 eas
1747 2870 1933 2926 obseruas

1725 2936 1876 2975 turum,
