2253 3167
578 69 1078 124 sY‘MBOL‘A,

309 157 509 202 orationes
519 155 752 200 Dominicas
764 183 778 203 ‚
798 155 919 209 vsque
933 158 984 199 ad
996 156 1102 198 diem

310 212 610 265 septimum‚pro
624 208 740 250 fratre
753 209 943 252 defuncto
959 209 1108 261 persol-

312 276 407 307 uant
428 281 431 287 ·
448 263 578 304 abillo
593 263 656 303 die
672 288 684 304 ‚
716 274 798 314 quo
812 264 867 302 eis
878 263 1013 303 obitus
1028 272 1107 301 ira-

311 317 384 360 tris
395 314 643 357 denuntiatus
658 311 789 357 fuerit,
807 314 925 367 vsque
941 316 988 352 ad
1003 327 1101 366 prae-

313 369 464 409 dictum
492 371 595 408 diem
609 395 619 409 .
648 368 892 408 centenarius
920 377 1106 406 numerus

313 420 568 476 perfectionis
583 419 845 470 integritatem
864 429 954 458 cum
969 415 1105 459 frater-

313 484 361 517 na
373 473 650 514 obseruatione
659 473 806 514 habeat
818 500 827 511 .
841 472 981 512 Adhuc
997 481 1106 510 nem-

312 538 365 581 pe
379 525 527 569 diuina,
544 535 589 563 ac
609 523 1109 580 mitericordiolilsimapa-

312 578 425 620 ritate
439 579 711 629 deprecamur,
726 588 844 628 atque
860 577 1045 628 pastorali
1057 585 1106 615 au

311 630 495 672 &oritate
512 629 712 672 iubemus,
725 641 767 669 vt
783 627 979 681 quotidie,
996 628 1107 670 sicuti

312 682 423 727 fratri
436 683 472 724 in
489 681 645 727 vicibus
659 682 841 724 dabatur,
860 681 1080 722 &debetur
1094 709 1104 721 .

307 737 367 777 ita
380 735 490 787 quod
515 735 570 774 est
581 734 828 776 neceflarium
844 733 1105 774 sustentationi

313 788 433 831 huius
448 788 535 829 vitae
548 789 585 829 in
600 787 698 828 cibo
724 788 765 826 δε
777 797 878 839 potu
895 797 1102 832 tantum-e,

312 841 472 881 cuidam
491 843 655 891 pauperi
707 842 755 877 ad
770 839 1105 889 quadragesimum

312 893 420 935 idem
434 892 683 944 impendatur
695 919 706 931 .
721 892 876 931 Omnes
891 891 995 931 enim
1013 892 1107 931 alias

311 945 535 986 oblationes
551 970 563 988 ‚
589 955 689 996 quas
706 942 744 983 in
770 955 898 984 morte
911 942 1074 985 fratrum
1093 970 1105 988 ‚

311 998 410 1040 &in
427 997 593 1049 paschali
609 997 866 1039 lolemni‘tate,
877 998 1105 1049 caeterisque

310 1049 621 1092 solemnitatibus
641 1074 655 1095 ,
685 1048 860 1088 Domino
888 1061 1105 1101 pauperum

311 1101 637 1144 commilitonum
672 1100 820 1140 Christi
853 1100 1106 1151 spontanead

309 1165 518 1208 paupertas
538 1152 743 1194 indiscrete
766 1152 930 1194 reddere
943 1155 1105 1197 consue-

309 1217 424 1248 uerat
452 1207 618 1248 omnino
632 1205 891 1260 prohibemus
903 1232 915 1245 .

310 1313 504 1366 Capellam·
515 1314 659 1353 vidum
675 1340 684 1356 ,
714 1311 760 1360 ύ-
774 1313 942 1364 vestitum
955 1323 1104 1354 tantum

617 1365 796 1406 habeant.

521 1473 557 1509 0
608 1472 647 1508 A
703 1472 740 1509 P.
806 1474 831 1508 1·
846 1474 891 1510 V.

416 1569 503 1612 Lias
519 1572 618 1611 vero
630 1571 856 1614 oblationes
871 1597 883 1617 ‚
910 1573 954 1614 &
968 1574 1098 1616 omnia

428 1623 763 1678 eleemosynarum
778 1636 919 1676 genera
937 1638 1102 1679 quoqno

312 1678 437 1718 modo
451 1676 543 1718 fiant
555 1692 569 1718 ,-
605 1676 829 1733 capellanis
844 1703 856 1722 ,
875 1679 937 1719 vel
952 1681 1037 1729 aliis
1052 1680 1102 1721 ad

312 1740 470 1782 tempus
491 1732 751 1774 manentibus,
767 1730 905 1771 vnitati
921 1742 1103 1773 commu-

312 1782 373 1823 nis
399 1781 565 1834 capituli
590 1785 754 1823 reddere
765 1783 949 1835 peruigili
962 1796 1103 1828 cura-.-

312 1837 577 1886 praecipimus.
595 1835 811 1877 Seruitores
825 1835 956 1887 itaque
967 1838 1098 1881 Eccle-

311 1888 371 1928 fiae
387 1887 548 1931 vietum,
563 1887 607 1929 &
622 1888 799 1929 vestitum
811 1886 1023 1932 secundum
1035 1901 1104 1930 au·-

311 1938 535 1980 &critatem
562 1951 711 1981 tantum
728 1940 891 1981 habeant
906 1967 917 1985 ,
946 1943 990 1983 δε
1006 1942 1104 1983 nihil

309 1991 479 2042 amplius
501 1992 646 2032 habere
659 1994 910 2045 praesumant‚
939 1994 1008 2035 nili
1021 2007 1101 2037 ma-

311 2043 422 2095 gistri
439 2041 574 2097 sponte
587 2046 788 2088 caritaliue
801 2044 990 2090 dederint.

360 2154 417 2190 De
429 2148 613 2190 Militibus
628 2149 802 2198 defundis·
825 2153 890 2205 qui
905 2150 989 2204 [une
1001 2151 1055 2190 ad

594 2214 795 2243 terminum
810 2231 821 2244 .

533 2286 656 2320 CA
713 2286 750 2320 P.
831 2287 879 2322 V.

372 2359 450 2399 Vnt
463 2368 630 2410 namque
645 2356 790 2398 milites
813 2359 852 2400 in
873 2361 998 2399 domo
1023 2357 1101 2401 Dei

387 2412 582 2463 Templiq3
596 2411 815 2452 Salomonis
828 2413 877 2453 ad
888 2412 1100 2453 terminum

311 2461 620 2504 misericorditer
632 2464 835 2505 nobiscum
850 2465 1101 2516 degetessvn-

310 2515 363 2553 de
402 2515 585 2559 ineffabili
613 2514 859 2558 miseratione
883 2530 957 2558 vos
982 2526 1102 2567 roga-

309 2568 687 2622 mus,deprecamur‚
695 2569 736 2607 &
746 2571 797 2609 ad
810 2569 949 2610 vltimu
959 2569 1100 2611 obnixe

267 2617 274 2627 '
307 2618 490 2662 iubemus
501 2647 515 2666 ,
528 2632 569 2661 vt
579 2622 732 2660 interim
744 2623 919 2663 tremeda
929 2619 1099 2674 potestas

307 2672 357 2712 ad
376 2672 557 2712 vltimum
580 2673 686 2712 diem
704 2672 876 2725 aliquem
905 2674 1099 2726 perduxe—

306 2724 375 2768 rit,
388 2725 526 2766 diuino
538 2736 673 2765 amore
689 2753 698 2766 .
713 2735 758 2765 ac
771 2725 939 2766 fraterna
951 2725 1097 2778 pietate

307 2775 453 2828 septem
476 2777 561 2818 dies
585 2776 867 2821 sustentationis
881 2791 956 2831 pro
967 2778 1097 2821 anima

307 2828 393 2871 eius
404 2830 572 2884 quidam
584 2840 734 2886 pauper
746 2830 886 2875 habeat
900 2858 913 2873 .

1148 67 1258 113 ΕΤ
1329 68 1585 123 ORIG.
1812 81 1909 131 ¹07

1197 163 1246 199 Vt
1257 156 1384 196 nullus
1390 153 1510 259 fiatcsr
1521 170 1722 220 resumens.
1728 160 1945 202 oblationem

1502 223 1609 250 acuat
1620 238 1630 250 .

1380 318 1605 355 ca?-

1168 416 1510 506 DEcreuimus‚
1528 429 1572 458 vt
1585 418 1746 472 superne}
1761 417 1866 461 ἀὶέὶῡ
1880 419 1965 470 est}

1278 470 1387 520 quod
1418 472 1548 510 nullus
1576 471 1738 512 fratrum
1765 485 1967 516 remanen-

1167 520 1265 560 tium
1295 520 1409 561 aliam
1438 523 1680 565 oblationem
1696 537 1808 576 agere
1824 527 1968 580 praesu.

1167 585 1249 615 mat
1262 601 1275 619 ,
1306 572 1366 612 sed
1384 574 1446 612 die
1462 576 1660 630 nostuque
1677 582 1824 620 mundo
1840 580 1965 620 corde

1166 626 1205 665 in
1227 627 1289 666 sua
1306 625 1546 678 professione
1562 636 1716 670 maneat
1729 656 1741 674 ,
1754 644 1796 672 vt
1813 631 1960 684 sapien-

1166 677 1322 721 tissimo
1339 681 1622 731 prophetarum
1640 682 1677 723 in
1697 682 1773 721 hoc
1789 684 1965 738 aeeujpol

1166 731 1248 772 lere
1262 731 1589 774 valeat2Calicem
1606 734 1778 775 salutaris
1792 737 1875 775 acci
1879 739 1964 789 pisi.

1165 783 1209 823 &
1225 784 1264 824 in
1284 795 1410 823 morte
1434 797 1516 824 mea
1529 797 1697 826 mortem
1713 789 1874 828 Domini
1889 788 1961 830 imi

1166 837 1295 876 tabor.
1311 837 1421 889 Qia
1435 836 1531 878 sicut
1544 841 1720 879 Christus
1735 852 1808 891 pro
1824 853 1884 879 me
1898 842 1962 883 ani

1165 900 1266 930 mam
1284 889 1388 929 suam
1403 890 1537 940 posuit
1553 923 1558 927 .
1584 892 1638 931 ita
1651 893 1691 931 δε
1706 904 1781 943 ego
1797 905 1870 944 pro
1882 891 1962 933 fra-

1169 941 1296 981 tribus
1321 940 1485 983 animam
1510 956 1654 996 ponere
1681 944 1761 983 sum
1781 957 1956 996 paratus.

1163 998 1265 1033 Ecce
1280 1004 1573 1045 competentem
1588 997 1844 1042 oblationem,
1863 1009 1960 1038 ecce

1164 1047 1330 1088 hostiam
1347 1048 1544 1092 viuentem
1563 1051 1698 1100 Deoqs
1713 1049 1956 1101 placentem·

1677 320 1758 356 vt.

1305 1160 1361 1194 De
1376 1155 1618 1195 immoderata
1637 1155 1786 1205 statione
1798 1185 1811 1200 .

1383 1262 1546 1300 CAP.
1608 1265 1723 1303 ΡΗ.

1261 1362 1353 1402 Vod
1366 1372 1494 1402 autem
1508 1362 1668 1403 auribus
1680 1365 1821 1406 nostris
1834 1363 1956 1407 verifi-

1272 1415 1387 1456 fimus
1409 1415 1514 1455 testis
1542 1415 1709 1458 insonuit
1726 1448 1731 1461 ,
1766 1419 1954 1460 videlicet

1160 1467 1423 1510 immoderata
1437 1468 1601 1509 statione
1633 1469 1675 1509 &
1690 1469 1764 1511 sine
1779 1483 1865 1511 rnen
1884 1482 1955 1513 ura

1162 1520 1313 1566 stando,
1329 1520 1506 1563 diuinum
1521 1519 1700 1561 officium
1716 1536 1786 1564 vos
1801 1522 1952 1568 audire,

1159 1571 1216 1613 ira
1235 1573 1319 1613 fieri
1334 1586 1407 1612 non
1423 1574 1780 1625 praecipimus,imo
1795 1576 1953 1627 vitupe-

1159 1637 1289 1668 ramus
1304 1641 1316 1663 .·
1348 1625 1410 1666 sed
1426 1625 1537 1665 finito
1555 1625 1706 1666 Psalmo
1731 1629 1774 1668 δε
1804 1633 1953 1668 Venite.»

1158 1680 1370 1717 exultemus
1388 1682 1538 1716 Domino
1552 1704 1563 1723 ,
1579 1691 1671 1718 cum
1689 1680 1922 1724 lnuitatorio
1937 1706 1953 1728 ,

1159 1731 1202 1772 δε
1214 1732 1389 1785 Hymno,
1406 1742 1543 1770 omnes
1559 1731 1691 1777 sedere
1705 1743 1782 1772 tam
1799 1731 1922 1773 fortes
1935 1758 1952 1778 ,

1158 1795 1276 1836 quam
1291 1783 1443 1824 debiles
1458 1783 1866 1835 propter-scandalum,
1885 1784 1952 1825 eui

1156 1838 1318 1878 tandum
1333 1848 1405 1877 nos
1415 1836 1599 1879 iubemus
1613 1866 1622 1876 .
1649 1836 1770 1881 Vobis
1782 1838 1877 1882 vero
1890 1849 1953 1876 re-

1156 1888 1365 1930 fidentibus
1382 1900 1624 1941 vnoquoque
1646 1889 1796 1933 Psalmo
1810 1890 1922 1931 finito
1935 1915 1950 1932 0

1158 1941 1195 1981 in
1209 1940 1442 1982 recitatione
1466 1943 1590 1979 Gloria
1610 1947 1706 1980 Patri
1732 1946 1779 1981 de
1795 1943 1951 1987 ledibus

1157 1993 1295 2035 vestris
1309 1994 1356 2033 ad
1370 1995 1490 2032 altare
1509 1995 1770 2046 fupp'icando
1791 1996 1843 2034 ob
1857 2005 1952 2033 reue

1130 2042 1138 2050 ‘
1156 2048 1320 2087 rentiam
1345 2046 1486 2086 Sanctae
1498 2045 1697 2087 Trinitatis
1711 2075 1721 2085 .
1754 2049 1816 2087 Sic
1832 2047 1950 2087 etiam

1157 2098 1194 2140 in
1211 2097 1440 2142 recitatione
1458 2100 1652 2149 Euangelq.
1673 2100 1716 2138 &
1730 2100 1777 2139 ad
1799 2107 1848 2138 Te
1872 2100 1952 2138 υιιῖ

1156 2153 1359 2191 laudamus
1416 2151 1458 2190 δε
1472 2162 1542 2200 per
1555 2161 1659 2190 totas
1674 2154 1808 2192 laudes
1821 2154 1951 2192 donec

1158 2203 1270 2244 finito
1287 2204 1546 2241 Benedieamus
1568 2208 1713 2242 Domino
1730 2231 1740 2248 ‚
1767 2205 1863 2249 ,stare
1877 2204 1951 2243 ad-

1156 2255 1381 2301 scribimus,
1393 2256 1437 2294 &
1451 2256 1609 2294 eandem
1627 2257 1798 2306 regulam
1816 2257 1852 2296 in
1867 2268 1952 2299 ma-

1156 2307 1293 2350 tutinis
1317 2311 1351 2349 8.
1372 2310 1505 2350 Mariae
1520 2309 1644 2351 teneri
1658 2309 1840 2356 iubemus
1854 2337 1866 2350 .
1947 2308 1950 2311 ’

1287 2410 1347 2454 0⁴0
1373 2410 1554 2467 researcne
1579 2423 1772 2460 conuentus
1786 2443 1799 2456 .

1365 2523 1400 2561 C
1424 2522 1464 2560 Α
1494 2522 1530 2562 Ρ,
1586 2523 1730 2565 VIII,

1158 2620 1332 2709 IN.V¹.¹⁰
1346 2620 1507 2672 quidem
1523 2624 1670 2678 palatio
1682 2661 1693 2668 ,
1722 2622 1785 2662 scd
1804 2622 1944 2667 melius

1183 2721 1188 2726 .
1213 2673 1373 2717 dicitur,
1389 2674 1622 2721 Refectorio
1635 2675 1856 2719 comuniter
1873 2690 1945 2718 vos

1153 2722 1287 2765 cibum
1301 2727 1482 2777 accipere
1498 2727 1696 2768 credimus
1711 2753 1721 2770 ‚
1739 2728 1804 2768 vbi
1822 2741 1947 2780 quan·

1152 2773 1207 2814 do
1218 2776 1366 2835 aliquid
1378 2780 1629 2822 necessarium
1646 2779 1763 2819 fuerit
1808 2794 1882 2833 pro
1901 2781 1946 2821 li·

1149 2839 1319 2883 gnotum
1336 2833 1557 2885 ignorantia
1567 2832 1744 2928 oleuiter,
1755 2843 1799 2873 ac
1813 2834 1946 2886 priua.

1605 2923 1615 2928 .
1668 2897 1691 2926 a
1808 2897 1884 2929 tim
