2253 3167
52 1980 225 2029 Equitum

45 2033 218 2081 pradallo-

49 2085 94 2118 ⁷¹3
104 2083 226 2134 figna.

49 2145 129 2172 mm
151 2169 161 2181 ,

605 97 1090 151 εγΜΒο-ᾸΛ,

291 176 454 225 rusalem
469 175 645 220 desolata
657 178 710 216 est
723 204 741 235 ·‚
764 177 906 217 domus
918 174 1085 240 sanctifi·1

292 230 459 269 cationis
481 228 615 271 nostrae
629 259 637 268 .
666 235 712 269 Et
739 228 765 269 si
783 239 970 280 perpauci
995 227 1079 268 sumt

291 285 361 333 qm'
383 278 598 329 sinceritate
621 282 754 321 cordis
770 307 782 324 ‚
809 282 852 319 &
867 280 1080 320 humiliato
1100 312 1102 315 ,

296 333 440 385 Spiritu
466 345 505 373 te
521 337 650 375 Deum
668 333 1049 374 viuumvenerentur
1064 358 1075 376 ,
1099 363 1103 366 .

296 387 338 426 &
354 392 540 429 innocent
551 398 692 427 nomen
705 396 816 424 tuum
833 394 909 426 non
926 394 1078 423 auertas

296 437 437 479 faciem
464 450 569 478 tuam
585 441 607 478 a
620 438 735 478 nobis
750 463 762 480 ‚
791 431 835 476 δε
849 449 894 475 ne
909 437 1079 489 amplius

299 491 524 531 memineris
537 490 784 542 iniquitatum
799 488 1076 547 nostrarum-2,

298 543 362 582 sed
373 543 434 582 fac
449 553 488 582 vt
502 542 548 581 ad
562 555 599 582 te
612 546 738 581 Deum
752 538 898 581 fontem
914 553 1048 598 viuum
1063 567 1077 585 ‚

297 593 447 635 fontem
463 606 671 646 perennem
699 594 741 632 &
757 594 977 633 aeternitatis
991 605 1080 645 per·

297 649 431 687 uenire
445 647 664 686 valeamus.
696 644 776 685 Cui
790 645 843 685 est
856 646 979 685 virtus
997 650 1080 695 Q,

297 699 425 752 gloria
440 710 509 750 per
532 698 679 740 infinita
688 699 910 741 seculorum
925 696 1054 738 secula
1068 725 1078 738 .

296 756 469 794 Arnen„
483 779 493 789 .
710 797 716 803 .

302 806 321 827 ⁹
352 810 394 845 ln
410 815 579 854 quorum
594 803 710 842 fidem
727 802 931 856 praesentes
952 805 1082 847 literas

297 857 376 896 siue
388 858 465 895 hoc
481 856 640 906 praesens
654 856 857 907 publicum
872 855 1087 900 instrumen,

300 919 382 948 turn
399 908 514 956 m‘anu
541 906 839 958 vniuscuiusque
866 910 1082 951 nostrum-³

295 959 553 1013 subsignatum
569 971 704 999 coram
724 961 895 1011 Notarijs
907 962 1080 1014 publicis

299 1013 341 1052 &
368 1013 526 1052 testibus
549 1011 803 1064 infrascriptis
824 1012 995 1064 stipulati
1022 1012 1082 1054 su-

298 1076 386 1104 mus
400 1091 410 1108 ,
436 1064 484 1103 ab
496 1064 712 1115 ijsdemque
728 1066 902 1115 Notarijs
919 1078 1082 1108 vnum-,s

296 1118 358 1162 vel
371 1118 497 1168 plura,
513 1117 716 1167 publicum
730 1116 805 1156 siue
819 1119 978 1167 publica
1025 1127 1081 1160 ln-

293 1168 547 1209 strumentum
577 1169 619 1208 &
644 1169 892 1210 instrumenta
906 1171 1082 1223 fieriatq3

294 1221 439 1263 confici
453 1220 626 1261 iuffimus
641 1248 652 1266 ,
668 1220 834 1262 fecimus
851 1253 860 1267 ‚
886 1234 1002 1274 atque
1017 1237 1081 1264 ro-

293 1273 475 1324 gauimus
502 1273 544 1312 &
566 1285 772 1326 rogamus.
819 1275 912 1315 Asta
925 1276 1081 1316 fuerunt

294 1326 378 1363 haec
406 1325 443 1365 in
469 1325 571 1364 dista
589 1327 690 1366 Villa
702 1328 749 1365 de
769 1327 1025 1367 Hochstraten
1042 1329 1080 1373 in

294 1376 400 1418 dieta
417 1377 582 1418 Ecclesia
609 1381 642 1419 S.
662 1379 879 1419 catharinae
895 1382 1080 1419 Camera-

295 1430 413 1470 censis
432 1430 611 1470 dioecesis
626 1429 693 1469 sub
709 1442 808 1471 anno
825 1433 846 1471 a
863 1431 1078 1471 Natiuitate

294 1481 460 1521 Domini
478 1487 531 1522 M.
548 1483 596 1520 D.
614 1484 749 1522 LVIII.
775 1483 988 1522 indictione
1001 1483 1079 1535 pri-

293 1544 366 1578 ma,
384 1533 447 1570 die
461 1533 553 1572 vero
567 1532 670 1581 xxvj.
691 1534 824 1574 mensis
842 1534 1077 1584 Martij,1³on

290 1584 460 1626 tificatus
484 1585 717 1626 sanctissimi
744 1587 793 1624 D.
826 1591 871 1624 N.
900 1590 950 1626 D.
969 1588 1077 1626 Pauli

291 1637 423 1677 diuina
438 1637 690 1687 prouidentia
708 1641 814 1690 Papae
828 1637 956 1689 quarti
976 1650 1076 1690 anno

294 1687 681 1739 te1·ti05praesentibus
693 1689 842 1729 ibidem
856 1690 1076 1742 Magnificis

293 1740 396 1781 Viris
410 1740 581 1780 Martino
595 1740 712 1792 Ruijz
728 1743 776 1781 de
793 1745 939 1783 Corate
954 1773 965 1789 ,
999 1746 1079 1782 Ge-

291 1793 408 1833 rardo
434 1805 504 1833 van
528 1795 722 1844 Donguen
747 1794 942 1835 francisco
956 1808 1076 1836 van-³

290 1844 448 1889 Stelant,
465 1845 507 1885 &
522 1844 696 1885 Adriano
710 1848 836 1887 onder
852 1848 900 1886 de
915 1847 1074 1892 Linde)

290 1894 453 1937 testibus
481 1897 529 1936 ad
552 1897 738 1951 praemissa
766 1901 898 1939 omnia
923 1899 1077 1940 vocatis

292 1960 410 1999 atque
426 1950 539 2000 regat
557 1964 594 1989 s.
627 1950 890 2003 subsignatum
906 1981 915 1991 .

349 2004 369 2046 †
385 2004 658 2050 Brounckhorst†
673 2007 753 2051 Ego
769 2004 926 2044 attestor
944 2005 1069 2056 Philip.

293 2055 410 2103 pusde
425 2058 528 2091 Borre
551 2065 641 2092 meo
654 2056 810 2095 nomine
823 2083 833 2102 ,
862 2068 906 2095 ac
920 2056 1078 2097 nornine

299 2108 447 2148 loannis
466 2111 628 2145 Lauvm
644 2106 687 2146 &
703 2112 822 2146 lodnis
835 2124 914 2147 van
932 2110 1052 2146 sehdle
1064 2133 1077 2152 ‚

299 2153 318 2201 †
337 2165 486 2195 loannes
503 2162 652 2196 Μακέται
679 2171 767 2198 meo
781 2161 937 2209 nomine
951 2161 993 2200 &
1005 2173 1073 2200 no-

294 2207 398 2248 mine
424 2212 585 2261 Gasparis
613 2211 654 2247 a‘e
680 2212 794 2260 Castro
808 2217 830 2257 †
843 2216 983 2251 Gerard
996 2227 1076 2252 van

293 2262 541 2300 Vladerachen
558 2265 578 2306 †
600 2269 717 2306 Petrus
734 2271 907 2303 Menncus
921 2277 1009 2304 meo
1023 2278 1075 2304 no

290 2312 392 2352 mine
421 2313 463 2352 &
488 2314 644 2353 nomine
675 2320 819 2354 loannis
839 2323 1004 2356 Lau-vers
1033 2318 1077 2357 δε

286 2367 410 2403 toanis
423 2379 502 2404 van
517 2367 646 2404 Schelle
673 2371 694 2412 †
710 2374 889 2408 Antonius
902 2384 983 2408 van
998 2377 1076 2408 Mer

286 2417 371 2454 then
421 2418 632 2469 Goetgebuer
650 2447 654 2453 .
675 2421 696 2464 †
716 2426 786 2458 Ian
798 2435 879 2459 van
894 2423 1073 2467 Bereher†

285 2471 472 2506 cornelius
486 2471 689 2508 Gaeiliard.
711 2473 733 2515 †
751 2476 901 2511 Carolus
921 2488 1002 2512 van
1017 2481 1074 2512 Ste

285 2519 364 2558 lant
394 2524 414 2565 †
434 2522 565 2559 Paulus
581 2536 662 2561 van
678 2525 891 2578 Veldvvyck
906 2530 924 2570 †
937 2527 1074 2565 Antho-

284 2574 365 2609 nim
383 2571 543 2618 Abfhlons
561 2603 569 2618 ‚
595 2578 617 2619 †
642 2574 820 2615 Iohannes
833 2581 878 2615 de
898 2585 1045 2617 Grutere
1058 2606 1072 2624 ,

286 2635 377 2663 meo
393 2624 549 2665 nomine
564 2626 604 2664 δε
620 2627 776 2667 nomine
792 2630 912 2669 Jacobs·
927 2631 1072 2669 Triecht

284 2677 306 2722 *1
320 2681 484 2719 Laurens
499 2679 541 2717 de
563 2679 671 2719 roche
686 2693 766 2720 van
782 2685 948 2723 Rineuelt
959 2709 971 2727 .
1000 2689 1073 2723 Ian

1159 95 1577 149 ETORIG·
1765 109 1855 157 ¹03

1131 190 1214 216 van
1225 177 1292 215 den
1306 175 1573 224 seeenvveghen
1590 175 1609 218 †
1627 182 1723 214 suan
1734 191 1814 216 ven
1831 182 1919 232 :ispe

1131 243 1194 267 rm
1208 230 1296 266 ende
1306 240 1387 264 van
1405 232 1543 264 Vueren
1558 255 1568 273 ,
1592 231 1611 272 Τ
1627 232 1724 277 (κᾶν)
1745 232 1915 270 &rehem

1133 272 1214 319 ride
1235 283 1257 323 Ὗ
1270 281 1340 319 -Ich
1359 280 1535 317 ambonis
1555 280 1918 324 Ahfatmssinnomi-'

1117 334 1179 371 *tie
1200 333 1341 378 Nicolai
1362 332 1406 367 de
1420 330 1629 379 Megere‘&
1653 332 1811 373 ‘loannis
1825 339 1867 375 de
1877 339 1919 379 la

1134 379 1209 424 Rhoe
1224 388 1245 429 †
1264 391 1333 421 {an
1347 385 1504 420 van-den
1524 387 1640 432 D'q'cke
1653 392 1670 423 .'
1705 407 1707 409 ·

1238 470 1242 472 ,
1344 435 1634 487 Subscriptum.

1187 490 1270 537 Ego
1289 485 1505 528 Alexander
1519 490 1729 540 Grapheus
1745 489 1919 534 ciuitatis

1136 537 1424 589 Antuerpiensis
1440 542 1700 583 Secretarius‚·
1729 556 1773 582 ac
1789 546 1918 595 publi·

1135 602 1207 630 cus
1231 590 1427 641 Imperiali
1458 593 1698 634 Aucloritate
1730 598 1918 637 Notarius

1136 655 1206 696 per
1217 643 1296 682 Cae-
1311 643 1459 682 Maiest.
1474 645 1690 686 Consilium
1705 649 1834 689 Curiae
1847 654 1918 690 Bra

1137 698 1242 740 bant.
1270 693 1318 734 ad
1338 697 1569 737 Notariatus
1584 700 1762 740 officium
1777 702 1917 742 admis-

1130 748 1196 789 sus
1213 777 1221 792 ,
1250 750 1322 787 vna
1336 760 1425 788 cum
1444 757 1583 789 loanne
1608 752 1656 789 de
1670 754 1918 804 Bar-lamente

1136 802 1252 840 etiam
1271 801 1440 841 Notario
1456 803 1708 855 publico‚per
1723 805 1825 846 idem
1841 804 1917 847 con

1136 852 1263 894 silium
1273 856 1494 905 approbato
1510 882 1522 898 ,
1545 867 1591 893 ac
1605 858 1802 907 praen'icstis
1816 859 1919 899 testi-

1137 908 1209 945 bus
1220 906 1270 944 ad
1285 906 1470 957 praemiss'a
1484 908 1613 946 omnia
1624 910 1667 947 δε
1683 909 1828 960 singula
1841 925 1919 964 prae

1135 959 1216 998 sens
1231 958 1484 1007 personaliter
1498 959 1669 1004 interfui,
1686 973 1771 1014 eaq3
1788 963 1920 1004 omnia

1136 1011 1179 1050 δε
1190 1010 1349 1062 singula,
1367 1012 1415 1050 sic
1428 1024 1469 1051 vt
1484 1012 1744 1063 praemitntur,
1760 1017 1842 1056 sieri
1860 1016 1921 1057 vi-

1136 1063 1185 1102 di.
1204 1063 1312 1107 sciui,
1330 1065 1372 1103 &
1389 1064 1538 1109 audiui,
1557 1075 1724 1117 accepto
1736 1067 1844 1119 prius
1862 1068 1922 1107 iu-

1135 1126 1314 1154 ramento
1337 1116 1386 1155 ad
1403 1117 1534 1156 sancta
1556 1118 1628 1157 Dei
1646 1121 1849 1172 euangelia
1860 1123 1922 1161 su-

1134 1180 1204 1218 per
1216 1168 1321 1206 libro
1336 1168 1469 1210 missali
1487 1196 1498 1213 ,
1531 1171 1578 1209 ab
1596 1171 1778 1211 omnibus
1795 1173 1838 1212 δε
1851 1173 1923 1212 sm-

1135 1222 1238 1272 gulis
1254 1219 1447 1260 militibus
1459 1221 1703 1273 supradietis,
1720 1226 1920 1275 separatim

1137 1272 1216 1311 &c.
1245 1273 1355 1322 quod
1370 1272 1407 1311 in
1422 1273 1646 1315 huiusmodi
1661 1276 1851 1317 electione
1868 1279 1920 1318 nb

1135 1334 1215 1365 erat
1228 1324 1359 1375 aliqua
1370 1323 1494 1371 fraus,
1508 1326 1639 1373 dolus,
1656 1329 1915 1374 simoniamia-

1134 1374 1218 1416 litia
1245 1387 1311 1416 aut
1325 1376 1457 1428 aliqua
1472 1377 1546 1431 alia
1562 1380 1700 1420 illicita
1713 1381 1822 1420 causa
1839 1383 1922 1422 &c-

1133 1440 1177 1467 ac
1208 1428 1346 1468 deinde
1362 1429 1466 1476 dista
1479 1430 1669 1471 electione
1682 1433 1893 1474 subdebita
1909 1461 1922 1480 ‚

1132 1491 1178 1518 ac
1195 1493 1383 1532 perpetua
1398 1481 1617 1522 obedientia
1633 1486 1699 1523 &c
1731 1487 1923 1537 caeterisqz

1131 1533 1444 1573 solemnitatibus
1462 1536 1654 1587 requisitis
1669 1539 1748 1577 Sec.
1765 1539 1801 1577 in
1819 1538 1923 1579 dieta

1131 1584 1299 1624 Ecclesia
1325 1585 1531 1627 celebratis
1544 1600 1660 1639 atque
1676 1591 1817 1630 deuote
1831 1603 1922 1643 per—

1131 1635 1226 1677 actis
1242 1665 1248 1668 -
1280 1649 1412 1678 notam
1426 1651 1470 1677 ac
1487 1639 1775 1691 stipulationem
1789 1641 1921 1693 postea

1129 1687 1329 1739 sumpsi-de
1346 1691 1549 1741 praemissis
1564 1694 1759 1740 omnibus,
1781 1707 1918 1736 cum...»

1129 1739 1240 1780 dicto
1258 1744 1423 1782 Notario
1440 1770 1450 1787 ‚
1467 1746 1715 1795 praesentibus
1730 1748 1844 1787 distis
1859 1760 1918 1787 te-

1129 1791 1248 1832 stibus
1265 1827 1272 1832 .
1308 1801 1344 1833 ln
1359 1807 1528 1846 quorum
1541 1797 1656 1837 fidem
1667 1800 1828 1850 praesens
1844 1812 1916 1851 pu-

1129 1844 1278 1884 blicum
1291 1846 1582 1888 instrumentum
1599 1862 1689 1890 cum
1704 1852 1811 1892 disto
1828 1855 1913 1893 No-

1129 1898 1230 1937 tario
1246 1898 1445 1951 subscripsi
1458 1929 1467 1945 ,
1494 1913 1538 1940 ac
1552 1901 1656 1954 signo
1676 1917 1767 1944 meo
1795 1903 1918 1946 solito

1129 1949 1289 1999 signam,
1304 1963 1465 2002 rogatus
1483 1964 1565 2003 atqt
1579 1955 1802 2007 requisitus.
1819 1958 1918 1997 Sub-

1129 2001 1329 2054 signatum.
1346 2008 1390 2042 A.
1414 2006 1628 2057 Graphaeus
1643 2037 1652 2045 .

1181 2059 1266 2105 Ego
1287 2055 1471 2108 iohannes
1485 2061 1533 2096 de
1547 2060 1788 2101 Barlamonte
1804 2061 1915 2110 publi

1130 2116 1200 2146 cus
1230 2108 1424 2159 imperiali
1458 2111 1691 2152 auctoritate
1730 2114 1918 2155 Notarius

1130 2157 1345 2200 antedictus
1362 2189 1370 2201 ‚
1398 2161 1558 2203 attestor
1573 2174 1634 2203 me
1649 2164 1916 2215 praesentem-s

1129 2207 1241 2250 fuisse
1255 2215 1327 2252 vna
1343 2224 1432 2253 cum
1447 2214 1555 2254 disto
1569 2214 1753 2266 Magistro
1769 2217 1919 2260 Alexan

1129 2265 1205 2302 dro
1223 2265 1417 2314 Graphaeo
1433 2295 1442 2309 ,
1460 2269 1675 2307 secretario
1688 2271 1731 2309 Sc
1745 2269 1916 2312 Notario

1130 2316 1292 2367 publico
1306 2317 1342 2356 in
1360 2319 1541 2369 praedicla
1558 2322 1882 2372 congregatione
1899 2352 1913 2372 ,

1128 2368 1323 2409 Elefflone
1339 2395 1349 2411 ‚
1362 2370 1610 2421 stipulatione
1621 2400 1632 2417 ,
1648 2374 1836 2426 caeterisq3
1856 2373 1916 2416 so-

1127 2419 1391 2461 lemnitatibus
1407 2424 1581 2475 superius
1591 2426 1639 2463 ad
1652 2427 1811 2477 longum
1826 2441 1918 2469 nar-

1128 2472 1221 2511 ratis
1238 2474 1279 2514 &
1293 2475 1521 2515 declaratis.
1557 2483 1593 2515 ln
1611 2488 1780 2527 quorum
1798 2480 1913 2523 sidem

1128 2524 1291 2576 praesens
1315 2524 1609 2569 instrumentum
1623 2541 1737 2570 manu
1753 2535 1912 2585 propria

1129 2576 1342 2627 subscripsi,
1359 2589 1404 2617 ac
1422 2580 1540 2622 solito
1550 2583 1661 2631 figno
1674 2582 1830 2634 signaui,
1847 2598 1914 2624 ro-

1126 2640 1240 2680 gatus
1254 2641 1369 2680 atque
1380 2635 1911 2686 requifitus.subfignatuinl,

1129 2681 1178 2722 de
1191 2683 1436 2726 Barlamonte
1447 2685 1640 2728 'Nonarius
1659 2695 1711 2725 im
1716 2702 1756 2741 p.
1770 2692 1829 2729 SS.

1486 2859 1808 2947 iNcipiT
